@article{mix_garch,
  title={{Bayesian Estimation of the Gaussian Mixture GARCH Model}},
  author={Aus{\'\i}n, M. C. and P. Galeano},
  journal={Computational Statistics \& Data Analysis},
  volume={51},
  number={5},
  pages={2636--2652},
  year={2007},
  publisher={Elsevier}
}


@article{hansen_skt,
  title={{Autoregressive Conditional Density Estimation}},
  author={Hansen, B. E.},
  journal={International Economic Review},
  pages={705--730},
  year={1994},
  publisher={JSTOR}
}


@article{berkowitz,
  title={{Testing Density Forecasts, with Applications to Risk Management}},
  author={Berkowitz, J.},
  journal={Journal of Business \& Economic Statistics},
  volume={19},
  number={4},
  pages={465--474},
  year={2001},
  publisher={Taylor \& Francis}
}

@article{basel,
  title={{An Internal Model-based Approach to Market Risk Capital Requirements}},
  author={{Basel Committee on Banking Supervision}},
  journal={The Bank for International Settlements, Basel, Switzerland},
  year={1995}
}

@article{geweke,
  title={{Bayesian Inference in Econometric Models using Monte Carlo Integration}},
  author={Geweke, J.},
  journal={Econometrica},
  volume={57},
  pages={1317--1739},
  year={1989},
  publisher={‎Wiley-Blackwell}
}


@article{qermit,
  title={{Bayesian Forecasting of Value at Risk and Expected Shortfall using Adaptive Importance Sampling}},
  author={Hoogerheide, L. F. and H. K. van Dijk},
  journal={International Journal of Forecasting},
  volume={26},
  pages={231--247},
  year={2010},
 publisher={‎Elsevier} 
}

@article{hall_mitchell,
  title={{Combining Density Forecasts.}},
  author={Hall, S. G. and J. Mitchell},
  journal={International Journal of Forecasting},
  volume={23},
  number={2},
  pages={1--13},
  year={2007},
  publisher={‎Elsevier} 
}

@article{geweke_miss,
  title={{Prediction with Misspecified Models}},
  author={Geweke, J.  and G. Amisano},
  journal={The American Economic Review},
  volume={102},
  number={3},
  pages={482--486},
  year={2012},
  publisher={American Economic Association}
}

@article{geweke_comp,
  title={{Comparing and Evaluating Bayesian Predictive Distributions of Asset Returns}},
  author={Geweke, J. and G. Amisano},
  journal={International Journal of Forecasting},
  volume={26},
  number={2},
  pages={216--230},
  year={2010},
  publisher={‎Elsevier} 
}

@techreport{glosarry,
  title = {{Glossary to ARCH (GARCH)}},
  author = {Bollerslev, T.},
  year = {2008},
  institution = {CREATES Research Paper},
  number = {2008-49}
}

@article{engle_ng,
  title = {{Measuring and Testing the Impact of News on Volatility}},
  author = {Engle, R. F. and V. K. Ng},
  journal = {Journal of Finance},
  volume = {48},
  pages = {1749--1778},
  year = {1993},
  publisher‎={‎Wiley-Blackwell}
}

@article{engle_crash,
  title = {{Stock Volatility and the Crash of `87: Discussion}},
  author = {Engle, R. F.},
  journal = {The Review of Financial Studies},
  volume = {3},
  number = {1},
  pages = {103--106},
  year = {1990},
  publisher‎={‎Oxford University Press}
}

@article{revfin,
  title = {{A Simple Skewed Distribution with Asset Pricing Applications}},
  author = {De Roon, F. and P. Karehnke},
  journal={Review of Finance},
  pages={1--29},
  year={2016},
  publisher‎={‎Oxford University Press}  
}

@techreport{roth,
  title={{On the Multivariate $t$ Distribution}},
  author={Roth, M.},
  year={2013},
  institution={Automatic Control Group at Link{\"o}pings Universitet},
  number = {LiTH-ISY-R-3059}
}

@book{zellner,
  title= {{An Introduction to Bayesian Inference in Econometrics}},
  author={Zellner, A.},
  publisher = {Wiley},
  year={1996}
}

@article{CL,
  title = {{Likelihood-based Scoring Rules for Comparing Density Forecasts in Tails}},
  author = {Diks, C. and V. Panchenko and D. van Dijk},
  journal={Journal of Econometrics},
  volume={163},
  number={2},
  pages={215--230},
  year={2011},
  publisher={‎Elsevier} 
}

@techreport{CP,
  title={{Censored Posterior and Predictive Likelihood in Bayesian Left-tail Prediction for Accurate Value at Risk Estimation}},
  author={Gatarek, L. T. and  L. F. Hoogerheide and K. Hooning and H. K. van Dijk},
  year={2014},
  institution={Tinbergen Institute Discussion Paper},
  number = {TI 2013-060/III}
}

@article{geweke,
  title={{Bayesian Inference in Econometric Models using Monte Carlo Integration}},
  author={Geweke, J.},
  journal={Econometrica},
  volume={57},
  pages={1317--1739},
  year={1989},
  publisher‎={‎Wiley-Blackwell}
}

@article{wlr,
  title={{Comparing Density Forecasts via Weighted Likelihood Ratio Tests}},
  author={Amisano, G. and R. Giacomini},
  journal={Journal of Business \& Economic Statistics},
  volume={25},
  pages={177--190},
  year={2007},
  publisher={Taylor \& Francis}
}

@article{mitisem,
  title={{A Class of Adaptive Importance Sampling Weighted EM Algorithms for Efficient and Robust Posterior and Predictive Simulation}},
  author={Hoogerheide, L. F. and A. Opschoor and H. K. van Dijk},
  journal={Journal of Econometrics},
  volume={171},
  pages={101--120},
  year={2012},
  publisher={‎Elsevier} 
}

@article{kleijn,
  title={{Misspecification in Infinite-Dimensional Bayesian Statistics}},
  author={Kleijn, B. J. K. and A. W. van der Vaart},
  journal={The Annals of Statistics},
  volume={34},
  number = {2},
  pages={837--877},
  year={2006},
  publisher={The Institute of Mathematical Statistics}
}

@article{mueller,
  title={{Misspecification in Infinite-Dimensional Bayesian Statistics}},
  author={M{\"u}ller, U. K.},
  journal={Econometrica},
  volume={81},
  number = {5},
  pages={1805--1849},
  year={2013},
  publisher‎={‎Wiley-Blackwell}  
}

@article{opschoor,
  title={{Combining Density Forecasts using Focused Scoring Rules}},
  author={Opschoor, A. and D. van Dijk and M. van der Wel},
  journal={Tinbergen Institute Discussion Paper },
  volume={14-090/III},
  year={2016}
}
 
@book{qrm,
 author = {McNeil, A. J. and R. Frey and P. Embrechts},
 title = {{Quantitative Risk Management: Concepts, Techniques and Tools}},
 year = {2015},
 publisher = {Princeton University Press}
} 

@article{tail,
	title = {{Estimation of Tail-Related Risk Measures for Heteroscedastic Financial Time Series: an Extreme Value Approach}},
	author = {McNeil, A. J. and R. Frey},
	year = {2000},
	journal = {Journal of Empirical Finance},
	volume = {7},
	number = {3--4},
	pages = {271--300},
  publisher={‎Elsevier} 	
}

@article {coherent,
author = {Artzner, P. and F. Delbaen and J. M. Eber and D. Heath},
title = {{Coherent Measures of Risk}},
journal = {Mathematical Finance},
volume = {9},
number = {3},
publisher = {Blackwell Publishers Inc},
pages = {203--228},
year = {1999},
}

@article{gas_paper,
  title={{Generalized Autoregressive Score Models with Applications}},
  author={Creal, D. and S. J. Koopman and A. Lucas.},
  journal={Journal of Applied Econometrics},
  volume={28},
  number={5},
  pages={777--795},
  year={2013},
  publisher={Wiley}  
}
 
@article{arch,
  title={{Autoregressive Conditional Heteroskedasticity with Estimates of the
Variance of the United Kingdom Inflation}},
  author={Engle, R. F.},
  journal={Econometrica},
  volume={50},
  pages={987--1007},
  year={1982},
  publisher‎={‎Wiley-Blackwell}  
}

@article{garch,
  title={{Generalised Autoregressive Conditional Heteroskedasticity}},
  author={Bollerslev, T.},
  journal={Journal of Econometrics},
  volume={51},
  pages={307--327},
  year={1986},
  publisher={‎Elsevier} 
}

@article{DM,
  title={{Comparing Predictive Accuracy}},
  author={Diebold, F. X. and R. S. Mariano},
  journal={Journal of Business \& Economic Statistics},
  volume={13},
  pages={253--263},
  year={1995},
  publisher={Taylor \& Francis}
}

@misc{robert,
  author = {Robert, C.},
  title = {{Why should I be Bayesian when my model is wrong?}},
  howpublished = {\url{https://xianblog.wordpress.com/2017/05/09/why-should-i-be-bayesian-when-my-model-is-wrong/}},
  Institution = {Blog post},
  year = {2017},
  note = {Accessed: 18 July 2017}
}

@misc{stack,
  author = {{Cross Validated}},
  title = {{Why should I be Bayesian when my model is wrong?}},
  Institution = {StackExchange},
  howpublished = {\url{https://stats.stackexchange.com/questions/274815/why-should-i-be-bayesian-when-my-model-is-wrong}},
  year = {2017},  
  note = {Accessed: 2017-07-18}
} 




@misc{AMRvD2018,
author = {Knut Are Aastveit and James Mitchell and Francesco Ravazzolo and Herman K. {Van Dijk}},
title = {{The Evolution of Forecast Density Combinations in Economics}},
year  = {2018},
note = {to appear in Oxford Research Encyclopedia of Economics and Finance}
}


 

@misc{Aastveit_inprogress,
  author = {Aastveit, Knut Are and Hoogerheide, Lennart and Mitchell, James and Van Dijk, Herman K},
  title = {Structure and workings of density forecast combinations in economics},
  year = {2018},
note = {Unpublished manuscript}
}
